@book{risk,
	title={Compact Blue-Green Lasers},
	author={Risk, W.P. and Gosnell, T.R. and Nurmikko, A.V.},
	isbn={9780521521031},
	series={Cambridge studies in modern optics},
	year={2003},
	publisher={Cambridge University Press}
}

@book{pipr,
	title={Nitride semiconductor devices: principles and simulation},
	author={J. Piprek},
	isbn={},
	series={},
	year={2007},
	publisher={John Wiley \& Sons}
}

@phdthesis{buchc,
	author= {C. Buchheim},
	title = {Dielektrische Funktion und elektrooptische Eigeschfaten von (Al,Ga)N/GaN - Heterostrukturen},
	school= {Technische Universität Ilmenau},
	year={2010},
}

@article{fenaln,
  author  = {Martin Feneberg and Robert A. R. Leute and Benjamin Neuschl and Klaus Thonke and Matthias
Bickermann.}, 
  title   = {High-excitation and high-resolution photoluminescence spectra of bulk AlN},
  journal = {Phys. Rev. B},
  year    = {2000},
  number  = {2},
  volume  = {82:075208}
}

@phdthesis{creich,
	author= {C. Reich},
	title = {Photolumineszenzspektroskopie an (In)AlGaN-Heterostrukturen für UV-Emitter},
	school = {Technische Universität Berlin},
	year={2011},
	}


@misc{semreich,
  Author = {C. Reich},
  Institution = {Technische Universität Berlin},
  Howpublished = {Seminar},
  Year = {2017},
  Title = {IQE Quantification of Nitride Semiconductors:Influence of the QW thickness on the optical properties of deep UV light emitters},
}

@misc{fusedsilica,
    author    = "Heraeus Quarzglas GmbH & Co. KG",
    title     = "Fused silica for Excimer Laser Applications",
    url       = "https://www.heraeus.com/media/media/hqs/doc_hqs/products_and_solutions_8/optics/ApplicationNote_Excimerlaser_EN.pdf"
}

@article{ambacher2002,
  author  = {O. Ambacher and J. Majewski and C. Miskys and A. Link, M. Hermann and M. Eickhoff and M. Stutzmann and F. Bernardini Matthias and V. Fiorentini and V. Tilak and  B. Schaff and L.F. Eastmann}, 
  title   = {Pyroelectric properties of
Al(In)GaN/GaN hetero- and quantum well structures},
  journal = {Journal of Physics:
Condensed Mater},
  year    = {2002},
  number  = {14:3399},
  volume  = {82:075208}
}


@book{schub,
	title={Light Emitting Diodes, Second Edition},
	author={E. Fred Schubert},
	isbn={978-0521865388},
	series={},
	year={2006},
	publisher={Cambridge University Press}
}

@article{seryu,
  author  = {Sergey Yu. Karpov and Yuri N. Makarov}, 
  title   = {Dislocation effect on light emission efficiency in gallium nitride},
  journal = {Applied Physics Letters},
  year    = {2002},
  number  = {25},
  volume  = {81}
}

@article{doi:10.1063/1.3100773,
author = {Dai,Q.  and Schubert,M. F.  and Kim,M. H.  and Kim,J. K.  and Schubert,E. F.  and Koleske,D. D.  and Crawford,M. H.  and Lee,S. R.  and Fischer,A. J.  and Thaler,G.  and Banas,M. A. },
title = {Internal quantum efficiency and nonradiative recombination coefficient of GaInN/GaN multiple quantum wells with different dislocation densities},
journal = {Applied Physics Letters},
volume = {94},
number = {11},
pages = {111109},
year = {2009},
doi = {10.1063/1.3100773},

URL = { 
        https://doi.org/10.1063/1.3100773
    
},
eprint = { 
        https://doi.org/10.1063/1.3100773
    
}

}

@phdthesis{mtrup,
	author= {Martin Frentrup.},
	title = {Analyse struktureller und optischer eigenschaften von semipolarem (Al,
Ga, In)N mittels hochauflösender röntgenbeugung und polarisationsaufgelöster transmissionsspektroskopie},
	school = {Technische Universität Berlin},
	year={2014},
	}

@article{doi:10.1063/1.4917540,
author = {Bryan,Zachary  and Bryan,Isaac  and Xie,Jinqiao  and Mita,Seiji  and Sitar,Zlatko  and Collazo,Ramón },
title = {High internal quantum efficiency in AlGaN multiple quantum wells grown on bulk AlN substrates},
journal = {Applied Physics Letters},
volume = {106},
number = {14},
pages = {142107},
year = {2015},
doi = {10.1063/1.4917540},

URL = { 
        https://doi.org/10.1063/1.4917540
    
},
eprint = { 
        https://doi.org/10.1063/1.4917540
    
}

}

@article{doi:10.1063/1.123339,
author = {Lee,S. R.  and Wright,A. F.  and Crawford,M. H.  and Petersen,G. A.  and Han,J.  and Biefeld,R. M. },
title = {The band-gap bowing of AlGaN alloys},
journal = {Applied Physics Letters},
volume = {74},
number = {22},
pages = {3344-3346},
year = {1999},
doi = {10.1063/1.123339},

URL = { 
        https://doi.org/10.1063/1.123339
    
},
eprint = { 
        https://doi.org/10.1063/1.123339
    
}
}

@article{vurgaftman,
author = {Vurgaftman,I.  and Meyer,J. R. },
title = {Band parameters for nitrogen-containing semiconductors},
journal = {Journal of Applied Physics},
volume = {94},
number = {6},
pages = {3675-3696},
year = {2003},
doi = {10.1063/1.1600519},

URL = { 
        https://doi.org/10.1063/1.1600519
    
},
eprint = { 
        https://doi.org/10.1063/1.1600519
    
}

}